@book{bishop2006pattern,
  author={Christopher M. Bishop},
  title={Pattern Recognition and Machine Learning},
  publisher={Springer},
  year={2006}
}
@book{friedman2001elements,
  title={The elements of statistical learning},
  author={Friedman, Jerome and Hastie, Trevor and Tibshirani, Robert},
  volume={1},
  number={10},
  year={2001},
  publisher={Springer series in statistics New York, NY, USA:}
}
@inproceedings{snoek2012practical,
  title={Practical bayesian optimization of machine learning algorithms},
  author={Snoek, Jasper and Larochelle, Hugo and Adams, Ryan P},
  booktitle={Advances in neural information processing systems},
  pages={2951--2959},
  year={2012}
}
@book{goodfellow2016deep,
  title={Deep learning},
  author={Goodfellow, Ian and Bengio, Yoshua and Courville, Aaron and Bengio, Yoshua},
  volume={1},
  year={2016},
  publisher={MIT press Cambridge}
}
@article{woodard2017predicting,
  title={Predicting travel time reliability using mobile phone GPS data},
  author={Woodard, Dawn and Nogin, Galina and Koch, Paul and Racz, David and Goldszmidt, Moises and Horvitz, Eric},
  journal={Transportation Research Part C: Emerging Technologies},
  volume={75},
  pages={30--44},
  year={2017},
  publisher={Elsevier}
}